<record><leader>00000cas a22000007a 4500</leader><controlfield tag="001">30632666</controlfield><controlfield tag="008">940620d19231934azuwr ne      0    0eng d</controlfield><datafield ind1=" " ind2=" " tag="010"><subfield code="a">sn 94052374 </subfield></datafield><datafield ind1=" " ind2=" " tag="040"><subfield code="a">CUY</subfield><subfield code="b">eng</subfield><subfield code="c">CNK</subfield><subfield code="d">ANN</subfield><subfield code="d">CNK</subfield><subfield code="d">OCLCQ</subfield><subfield code="d">CNK</subfield><subfield code="d">OCLCQ</subfield><subfield code="d">OCLCF</subfield><subfield code="d">DLC</subfield></datafield><datafield ind1=" " ind2=" " tag="042"><subfield code="a">msc</subfield></datafield><datafield ind1=" " ind2=" " tag="043"><subfield code="a">n-us-az</subfield></datafield><datafield ind1="0" ind2="0" tag="245"><subfield code="a">Holbrook tribune [and] Holbrook news.</subfield></datafield><datafield ind1="1" ind2="3" tag="246"><subfield code="a">Holbrook tribune-news</subfield></datafield><datafield ind1=" " ind2=" " tag="260"><subfield code="a">Holbrook, Navajo County, Ariz. :</subfield><subfield code="b">Bryan Bros.,</subfield><subfield code="c">1923-1934.</subfield></datafield><datafield ind1=" " ind2=" " tag="300"><subfield code="a">v.</subfield></datafield><datafield ind1=" " ind2=" " tag="310"><subfield code="a">Weekly</subfield></datafield><datafield ind1="0" ind2=" " tag="362"><subfield code="a">Vol. 10, no. 7 (Feb. 16, 1923)-v. 17, no. 11 (Jan. 26, 1934) = v. 15, no. 41 (Feb. 16, 1923)-v. 26, no. 11 (Jan. 26, 1934).</subfield></datafield><datafield ind1=" " ind2=" " tag="580"><subfield code="a">Formed by the union of: Holbrook tribune, and: Holbrook news.</subfield></datafield><datafield ind1=" " ind2="0" tag="651"><subfield code="a">Holbrook (Ariz.)</subfield><subfield code="v">Newspapers.</subfield></datafield><datafield ind1=" " ind2="7" tag="651"><subfield code="a">Arizona</subfield><subfield code="z">Holbrook.</subfield><subfield code="2">fast</subfield><subfield code="0">(OCoLC)fst01216936</subfield></datafield><datafield ind1=" " ind2="7" tag="655"><subfield code="a">Newspapers.</subfield><subfield code="2">fast</subfield><subfield code="0">(OCoLC)fst01423814</subfield></datafield><datafield ind1=" " ind2=" " tag="752"><subfield code="a">United States</subfield><subfield code="b">Arizona</subfield><subfield code="c">Navajo</subfield><subfield code="d">Holbrook.</subfield></datafield><datafield ind1="0" ind2="4" tag="780"><subfield code="t">Holbrook tribune</subfield><subfield code="w">(DLC)sn 95060792</subfield></datafield><datafield ind1="0" ind2="4" tag="780"><subfield code="t">Holbrook news (Holbrook, Ariz.)</subfield><subfield code="x">2375-1762</subfield><subfield code="w">(DLC)sn 95060791</subfield><subfield code="w">(OCoLC)25065436</subfield></datafield><datafield ind1="0" ind2="0" tag="785"><subfield code="t">Holbrook tribune-news</subfield><subfield code="w">(DLC)sn 95068913</subfield></datafield><datafield ind1="1" ind2=" " tag="029"><subfield code="a">AU@</subfield><subfield code="b">000025866865</subfield></datafield></record>